%YAML 1.1
%TAG !u! tag:unity3d.com,2011:
--- !u!1 &1907976777663778161
GameObject:
  m_ObjectHideFlags: 0
  m_CorrespondingSourceObject: {fileID: 0}
  m_PrefabInstance: {fileID: 0}
  m_PrefabAsset: {fileID: 0}
  serializedVersion: 6
  m_Component:
  - component: {fileID: 2261557278695976768}
  - component: {fileID: 1340575879605066255}
  m_Layer: 0
  m_Name: Light_Line_Lamp_Ceiling_Scifi_A_00
  m_TagString: Untagged
  m_Icon: {fileID: 0}
  m_NavMeshLayer: 0
  m_StaticEditorFlags: 0
  m_IsActive: 1
--- !u!4 &2261557278695976768
Transform:
  m_ObjectHideFlags: 0
  m_CorrespondingSourceObject: {fileID: 0}
  m_PrefabInstance: {fileID: 0}
  m_PrefabAsset: {fileID: 0}
  m_GameObject: {fileID: 1907976777663778161}
  m_LocalRotation: {x: -0, y: 0.00000001490109, z: -0.70710784, w: -0.7071058}
  m_LocalPosition: {x: 0.013, y: 0, z: -0.266}
  m_LocalScale: {x: 0.9999997, y: 1.0000005, z: 1.0000006}
  m_Children: []
  m_Father: {fileID: 2993238134170932870}
  m_RootOrder: 11
  m_LocalEulerAnglesHint: {x: 0, y: 0, z: -90.00001}
--- !u!108 &1340575879605066255
Light:
  m_ObjectHideFlags: 0
  m_CorrespondingSourceObject: {fileID: 0}
  m_PrefabInstance: {fileID: 0}
  m_PrefabAsset: {fileID: 0}
  m_GameObject: {fileID: 1907976777663778161}
  m_Enabled: 1
  serializedVersion: 10
  m_Type: 2
  m_Shape: 0
  m_Color: {r: 1, g: 0.8162169, b: 0.6179246, a: 1}
  m_Intensity: 1
  m_Range: 2.36
  m_SpotAngle: 30
  m_InnerSpotAngle: 21.80208
  m_CookieSize: 10
  m_Shadows:
    m_Type: 0
    m_Resolution: -1
    m_CustomResolution: -1
    m_Strength: 1
    m_Bias: 0.05
    m_NormalBias: 0.4
    m_NearPlane: 0.2
    m_CullingMatrixOverride:
      e00: 1
      e01: 0
      e02: 0
      e03: 0
      e10: 0
      e11: 1
      e12: 0
      e13: 0
      e20: 0
      e21: 0
      e22: 1
      e23: 0
      e30: 0
      e31: 0
      e32: 0
      e33: 1
    m_UseCullingMatrixOverride: 0
  m_Cookie: {fileID: 0}
  m_DrawHalo: 0
  m_Flare: {fileID: 0}
  m_RenderMode: 0
  m_CullingMask:
    serializedVersion: 2
    m_Bits: 4294967295
  m_RenderingLayerMask: 1
  m_Lightmapping: 4
  m_LightShadowCasterMode: 0
  m_AreaSize: {x: 3.83, y: 0.01}
  m_BounceIntensity: 0
  m_ColorTemperature: 6570
  m_UseColorTemperature: 0
  m_BoundingSphereOverride: {x: 0, y: 0, z: 0, w: 0}
  m_UseBoundingSphereOverride: 0
  m_ShadowRadius: 0
  m_ShadowAngle: 0
--- !u!1 &7600139478998272267
GameObject:
  m_ObjectHideFlags: 0
  m_CorrespondingSourceObject: {fileID: 0}
  m_PrefabInstance: {fileID: 0}
  m_PrefabAsset: {fileID: 0}
  serializedVersion: 6
  m_Component:
  - component: {fileID: 4044228924732463350}
  - component: {fileID: 46707183816784865}
  m_Layer: 0
  m_Name: Light_Spot_Lamp_Ceiling_Scifi_A
  m_TagString: Untagged
  m_Icon: {fileID: 0}
  m_NavMeshLayer: 0
  m_StaticEditorFlags: 0
  m_IsActive: 1
--- !u!4 &4044228924732463350
Transform:
  m_ObjectHideFlags: 0
  m_CorrespondingSourceObject: {fileID: 0}
  m_PrefabInstance: {fileID: 0}
  m_PrefabAsset: {fileID: 0}
  m_GameObject: {fileID: 7600139478998272267}
  m_LocalRotation: {x: 1, y: -0, z: -0, w: 0.00000020861623}
  m_LocalPosition: {x: 0, y: 0, z: 0.47}
  m_LocalScale: {x: 1, y: 1, z: 1}
  m_Children: []
  m_Father: {fileID: 2993238134170932870}
  m_RootOrder: 10
  m_LocalEulerAnglesHint: {x: 180, y: -0.000015258789, z: -0.000015258789}
--- !u!108 &46707183816784865
Light:
  m_ObjectHideFlags: 0
  m_CorrespondingSourceObject: {fileID: 0}
  m_PrefabInstance: {fileID: 0}
  m_PrefabAsset: {fileID: 0}
  m_GameObject: {fileID: 7600139478998272267}
  m_Enabled: 1
  serializedVersion: 10
  m_Type: 0
  m_Shape: 0
  m_Color: {r: 1, g: 0.9741379, b: 0.8897059, a: 1}
  m_Intensity: 1
  m_Range: 15
  m_SpotAngle: 93.867386
  m_InnerSpotAngle: 75.11905
  m_CookieSize: 10
  m_Shadows:
    m_Type: 1
    m_Resolution: -1
    m_CustomResolution: -1
    m_Strength: 1
    m_Bias: 0.05
    m_NormalBias: 0.4
    m_NearPlane: 1.57
    m_CullingMatrixOverride:
      e00: 1
      e01: 0
      e02: 0
      e03: 0
      e10: 0
      e11: 1
      e12: 0
      e13: 0
      e20: 0
      e21: 0
      e22: 1
      e23: 0
      e30: 0
      e31: 0
      e32: 0
      e33: 1
    m_UseCullingMatrixOverride: 0
  m_Cookie: {fileID: 0}
  m_DrawHalo: 0
  m_Flare: {fileID: 0}
  m_RenderMode: 0
  m_CullingMask:
    serializedVersion: 2
    m_Bits: 4294967295
  m_RenderingLayerMask: 1
  m_Lightmapping: 1
  m_LightShadowCasterMode: 0
  m_AreaSize: {x: 1, y: 1}
  m_BounceIntensity: 1
  m_ColorTemperature: 5500
  m_UseColorTemperature: 1
  m_BoundingSphereOverride: {x: 0, y: 0, z: 0, w: 0}
  m_UseBoundingSphereOverride: 0
  m_ShadowRadius: 0
  m_ShadowAngle: 0
--- !u!1001 &2993238134171323406
PrefabInstance:
  m_ObjectHideFlags: 0
  serializedVersion: 2
  m_Modification:
    m_TransformParent: {fileID: 0}
    m_Modifications:
    - target: {fileID: 100008, guid: 9cf9ca02dd1ad424494f0fa77810cad0, type: 3}
      propertyPath: m_Name
      value: Lamp_Ceiling_Scifi_A
      objectReference: {fileID: 0}
    - target: {fileID: 100008, guid: 9cf9ca02dd1ad424494f0fa77810cad0, type: 3}
      propertyPath: m_StaticEditorFlags
      value: 84
      objectReference: {fileID: 0}
    - target: {fileID: 100012, guid: 9cf9ca02dd1ad424494f0fa77810cad0, type: 3}
      propertyPath: m_StaticEditorFlags
      value: 80
      objectReference: {fileID: 0}
    - target: {fileID: 100014, guid: 9cf9ca02dd1ad424494f0fa77810cad0, type: 3}
      propertyPath: m_StaticEditorFlags
      value: 80
      objectReference: {fileID: 0}
    - target: {fileID: 100020, guid: 9cf9ca02dd1ad424494f0fa77810cad0, type: 3}
      propertyPath: m_Layer
      value: 8
      objectReference: {fileID: 0}
    - target: {fileID: 100020, guid: 9cf9ca02dd1ad424494f0fa77810cad0, type: 3}
      propertyPath: m_StaticEditorFlags
      value: 81
      objectReference: {fileID: 0}
    - target: {fileID: 400008, guid: 9cf9ca02dd1ad424494f0fa77810cad0, type: 3}
      propertyPath: m_LocalPosition.x
      value: -2.518
      objectReference: {fileID: 0}
    - target: {fileID: 400008, guid: 9cf9ca02dd1ad424494f0fa77810cad0, type: 3}
      propertyPath: m_LocalPosition.y
      value: -1.929
      objectReference: {fileID: 0}
    - target: {fileID: 400008, guid: 9cf9ca02dd1ad424494f0fa77810cad0, type: 3}
      propertyPath: m_LocalPosition.z
      value: -35.022
      objectReference: {fileID: 0}
    - target: {fileID: 400008, guid: 9cf9ca02dd1ad424494f0fa77810cad0, type: 3}
      propertyPath: m_LocalRotation.x
      value: 0.4999867
      objectReference: {fileID: 0}
    - target: {fileID: 400008, guid: 9cf9ca02dd1ad424494f0fa77810cad0, type: 3}
      propertyPath: m_LocalRotation.y
      value: -0.50001293
      objectReference: {fileID: 0}
    - target: {fileID: 400008, guid: 9cf9ca02dd1ad424494f0fa77810cad0, type: 3}
      propertyPath: m_LocalRotation.z
      value: -0.5000133
      objectReference: {fileID: 0}
    - target: {fileID: 400008, guid: 9cf9ca02dd1ad424494f0fa77810cad0, type: 3}
      propertyPath: m_LocalRotation.w
      value: -0.4999871
      objectReference: {fileID: 0}
    - target: {fileID: 400008, guid: 9cf9ca02dd1ad424494f0fa77810cad0, type: 3}
      propertyPath: m_RootOrder
      value: 0
      objectReference: {fileID: 0}
    - target: {fileID: 400008, guid: 9cf9ca02dd1ad424494f0fa77810cad0, type: 3}
      propertyPath: m_LocalEulerAnglesHint.x
      value: -450
      objectReference: {fileID: 0}
    - target: {fileID: 400008, guid: 9cf9ca02dd1ad424494f0fa77810cad0, type: 3}
      propertyPath: m_LocalEulerAnglesHint.y
      value: 0
      objectReference: {fileID: 0}
    - target: {fileID: 400008, guid: 9cf9ca02dd1ad424494f0fa77810cad0, type: 3}
      propertyPath: m_LocalEulerAnglesHint.z
      value: 90.003006
      objectReference: {fileID: 0}
    - target: {fileID: 400008, guid: 9cf9ca02dd1ad424494f0fa77810cad0, type: 3}
      propertyPath: m_LocalScale.x
      value: 1.0000007
      objectReference: {fileID: 0}
    - target: {fileID: 400008, guid: 9cf9ca02dd1ad424494f0fa77810cad0, type: 3}
      propertyPath: m_LocalScale.y
      value: 1.0000005
      objectReference: {fileID: 0}
    - target: {fileID: 400008, guid: 9cf9ca02dd1ad424494f0fa77810cad0, type: 3}
      propertyPath: m_LocalScale.z
      value: 1.0000007
      objectReference: {fileID: 0}
    - target: {fileID: 400022, guid: 9cf9ca02dd1ad424494f0fa77810cad0, type: 3}
      propertyPath: m_LocalRotation.x
      value: 0
      objectReference: {fileID: 0}
    - target: {fileID: 400022, guid: 9cf9ca02dd1ad424494f0fa77810cad0, type: 3}
      propertyPath: m_LocalRotation.y
      value: 0
      objectReference: {fileID: 0}
    - target: {fileID: 400022, guid: 9cf9ca02dd1ad424494f0fa77810cad0, type: 3}
      propertyPath: m_LocalRotation.z
      value: 0
      objectReference: {fileID: 0}
    - target: {fileID: 400022, guid: 9cf9ca02dd1ad424494f0fa77810cad0, type: 3}
      propertyPath: m_LocalRotation.w
      value: 1
      objectReference: {fileID: 0}
    - target: {fileID: 2300010, guid: 9cf9ca02dd1ad424494f0fa77810cad0, type: 3}
      propertyPath: m_RenderingLayerMask
      value: 4294967295
      objectReference: {fileID: 0}
    - target: {fileID: 2300010, guid: 9cf9ca02dd1ad424494f0fa77810cad0, type: 3}
      propertyPath: m_Materials.Array.data[0]
      value: 
      objectReference: {fileID: 2100000, guid: 85714a7c2bae1704ea27e8adec0fba50, type: 2}
    - target: {fileID: 2300010, guid: 9cf9ca02dd1ad424494f0fa77810cad0, type: 3}
      propertyPath: m_Materials.Array.data[1]
      value: 
      objectReference: {fileID: 2100000, guid: 4ace8b745b4a17a438dd5594b917fd51, type: 2}
    - target: {fileID: 2300012, guid: 9cf9ca02dd1ad424494f0fa77810cad0, type: 3}
      propertyPath: m_RenderingLayerMask
      value: 4294967295
      objectReference: {fileID: 0}
    - target: {fileID: 2300012, guid: 9cf9ca02dd1ad424494f0fa77810cad0, type: 3}
      propertyPath: m_Materials.Array.data[0]
      value: 
      objectReference: {fileID: 2100000, guid: 5441c2d648e122f48b0a94d157ba13a9, type: 2}
    - target: {fileID: 2300016, guid: 9cf9ca02dd1ad424494f0fa77810cad0, type: 3}
      propertyPath: m_RenderingLayerMask
      value: 4294967295
      objectReference: {fileID: 0}
    - target: {fileID: 2300016, guid: 9cf9ca02dd1ad424494f0fa77810cad0, type: 3}
      propertyPath: m_Materials.Array.data[0]
      value: 
      objectReference: {fileID: 2100000, guid: 85714a7c2bae1704ea27e8adec0fba50, type: 2}
    - target: {fileID: 2300016, guid: 9cf9ca02dd1ad424494f0fa77810cad0, type: 3}
      propertyPath: m_Materials.Array.data[1]
      value: 
      objectReference: {fileID: 2100000, guid: 4ace8b745b4a17a438dd5594b917fd51, type: 2}
    - target: {fileID: 2300018, guid: 9cf9ca02dd1ad424494f0fa77810cad0, type: 3}
      propertyPath: m_CastShadows
      value: 0
      objectReference: {fileID: 0}
    - target: {fileID: 2300018, guid: 9cf9ca02dd1ad424494f0fa77810cad0, type: 3}
      propertyPath: m_RenderingLayerMask
      value: 4294967295
      objectReference: {fileID: 0}
    - target: {fileID: 2300018, guid: 9cf9ca02dd1ad424494f0fa77810cad0, type: 3}
      propertyPath: m_Materials.Array.data[0]
      value: 
      objectReference: {fileID: 2100000, guid: 08e30bddf329bf141ada0c8574c2aa60, type: 2}
    - target: {fileID: 2300018, guid: 9cf9ca02dd1ad424494f0fa77810cad0, type: 3}
      propertyPath: m_ScaleInLightmap
      value: 0
      objectReference: {fileID: 0}
    - target: {fileID: 2300018, guid: 9cf9ca02dd1ad424494f0fa77810cad0, type: 3}
      propertyPath: m_ImportantGI
      value: 1
      objectReference: {fileID: 0}
    - target: {fileID: 2300020, guid: 9cf9ca02dd1ad424494f0fa77810cad0, type: 3}
      propertyPath: m_RenderingLayerMask
      value: 4294967295
      objectReference: {fileID: 0}
    - target: {fileID: 2300020, guid: 9cf9ca02dd1ad424494f0fa77810cad0, type: 3}
      propertyPath: m_Materials.Array.data[0]
      value: 
      objectReference: {fileID: 2100000, guid: 4ace8b745b4a17a438dd5594b917fd51, type: 2}
    - target: {fileID: 2300020, guid: 9cf9ca02dd1ad424494f0fa77810cad0, type: 3}
      propertyPath: m_Materials.Array.data[1]
      value: 
      objectReference: {fileID: 2100000, guid: 85714a7c2bae1704ea27e8adec0fba50, type: 2}
    - target: {fileID: 2300022, guid: 9cf9ca02dd1ad424494f0fa77810cad0, type: 3}
      propertyPath: m_RenderingLayerMask
      value: 4294967295
      objectReference: {fileID: 0}
    - target: {fileID: 2300022, guid: 9cf9ca02dd1ad424494f0fa77810cad0, type: 3}
      propertyPath: m_Materials.Array.data[0]
      value: 
      objectReference: {fileID: 2100000, guid: 85714a7c2bae1704ea27e8adec0fba50, type: 2}
    - target: {fileID: 2300022, guid: 9cf9ca02dd1ad424494f0fa77810cad0, type: 3}
      propertyPath: m_Materials.Array.data[1]
      value: 
      objectReference: {fileID: 2100000, guid: 4ace8b745b4a17a438dd5594b917fd51, type: 2}
    - target: {fileID: 2300024, guid: 9cf9ca02dd1ad424494f0fa77810cad0, type: 3}
      propertyPath: m_RenderingLayerMask
      value: 4294967295
      objectReference: {fileID: 0}
    - target: {fileID: 2300024, guid: 9cf9ca02dd1ad424494f0fa77810cad0, type: 3}
      propertyPath: m_Materials.Array.data[0]
      value: 
      objectReference: {fileID: 2100000, guid: 5441c2d648e122f48b0a94d157ba13a9, type: 2}
    - target: {fileID: 2300026, guid: 9cf9ca02dd1ad424494f0fa77810cad0, type: 3}
      propertyPath: m_RenderingLayerMask
      value: 4294967295
      objectReference: {fileID: 0}
    - target: {fileID: 2300026, guid: 9cf9ca02dd1ad424494f0fa77810cad0, type: 3}
      propertyPath: m_Materials.Array.data[0]
      value: 
      objectReference: {fileID: 2100000, guid: 5441c2d648e122f48b0a94d157ba13a9, type: 2}
    - target: {fileID: 2300028, guid: 9cf9ca02dd1ad424494f0fa77810cad0, type: 3}
      propertyPath: m_RenderingLayerMask
      value: 4294967295
      objectReference: {fileID: 0}
    - target: {fileID: 2300028, guid: 9cf9ca02dd1ad424494f0fa77810cad0, type: 3}
      propertyPath: m_Materials.Array.data[0]
      value: 
      objectReference: {fileID: 2100000, guid: 5441c2d648e122f48b0a94d157ba13a9, type: 2}
    - target: {fileID: 20500000, guid: 9cf9ca02dd1ad424494f0fa77810cad0, type: 3}
      propertyPath: m_FadeMode
      value: 1
      objectReference: {fileID: 0}
    - target: {fileID: 20500000, guid: 9cf9ca02dd1ad424494f0fa77810cad0, type: 3}
      propertyPath: m_AnimateCrossFading
      value: 1
      objectReference: {fileID: 0}
    - target: {fileID: 20500000, guid: 9cf9ca02dd1ad424494f0fa77810cad0, type: 3}
      propertyPath: m_LODs.Array.data[0].screenRelativeHeight
      value: 0.15006383
      objectReference: {fileID: 0}
    - target: {fileID: 20500000, guid: 9cf9ca02dd1ad424494f0fa77810cad0, type: 3}
      propertyPath: m_LODs.Array.data[1].screenRelativeHeight
      value: 0.080740236
      objectReference: {fileID: 0}
    - target: {fileID: 20500000, guid: 9cf9ca02dd1ad424494f0fa77810cad0, type: 3}
      propertyPath: m_LODs.Array.data[2].screenRelativeHeight
      value: 0.044556096
      objectReference: {fileID: 0}
    m_RemovedComponents: []
  m_SourcePrefab: {fileID: 100100000, guid: 9cf9ca02dd1ad424494f0fa77810cad0, type: 3}
--- !u!4 &2993238134170932870 stripped
Transform:
  m_CorrespondingSourceObject: {fileID: 400008, guid: 9cf9ca02dd1ad424494f0fa77810cad0,
    type: 3}
  m_PrefabInstance: {fileID: 2993238134171323406}
  m_PrefabAsset: {fileID: 0}
